<record><leader>00000cas a22000007a 4500</leader><controlfield tag="001">18336030</controlfield><controlfield tag="008">880810c19619999tnuwr ne      0    0eng d</controlfield><datafield ind1=" " ind2=" " tag="010"><subfield code="a">sn 88084045 </subfield></datafield><datafield ind1=" " ind2=" " tag="040"><subfield code="a">PPM</subfield><subfield code="b">eng</subfield><subfield code="c">PPM</subfield><subfield code="d">TGN</subfield><subfield code="d">OCLCQ</subfield><subfield code="d">OCLCF</subfield><subfield code="d">OCLCO</subfield></datafield><datafield ind1="1" ind2=" " tag="029"><subfield code="a">AU@</subfield><subfield code="b">000020526461</subfield></datafield><datafield ind1=" " ind2=" " tag="042"><subfield code="a">msc</subfield></datafield><datafield ind1=" " ind2=" " tag="043"><subfield code="a">n-us-tn</subfield></datafield><datafield ind1="0" ind2="4" tag="245"><subfield code="a">The Giles free press.</subfield></datafield><datafield ind1="1" ind2=" " tag="246"><subfield code="i">Colophon title:</subfield><subfield code="a">Citizen/press</subfield><subfield code="f">Feb. 21, 1985-</subfield></datafield><datafield ind1="1" ind2=" " tag="246"><subfield code="i">Colophon title:</subfield><subfield code="a">Pulaski citizen and Giles free press</subfield><subfield code="f">Feb. 21, 1985-</subfield></datafield><datafield ind1=" " ind2=" " tag="260"><subfield code="a">Pulaski, Tenn. :</subfield><subfield code="b">John R. Stephens,</subfield><subfield code="c">1961-</subfield></datafield><datafield ind1=" " ind2=" " tag="310"><subfield code="a">Weekly</subfield></datafield><datafield ind1="0" ind2=" " tag="362"><subfield code="a">Vol. 1, no. 1 (Aug. 3, 1961)-v. 26, no. 33 (Mar. 10, 1988) ; 26th year, no. 34 (Mar. 17, 1988)-</subfield></datafield><datafield ind1=" " ind2=" " tag="500"><subfield code="a">Publishers: John R. Stephens, 1961-1962; Dee Leo Hoover, 1963-1984; Herschel Lake, 1984-</subfield></datafield><datafield ind1=" " ind2="0" tag="651"><subfield code="a">Pulaski (Tenn.)</subfield><subfield code="v">Newspapers.</subfield></datafield><datafield ind1=" " ind2="0" tag="651"><subfield code="a">Giles County (Tenn.)</subfield><subfield code="v">Newspapers.</subfield></datafield><datafield ind1=" " ind2="7" tag="655"><subfield code="a">Newspapers.</subfield><subfield code="2">fast</subfield><subfield code="0">(OCoLC)fst01423814</subfield></datafield><datafield ind1=" " ind2="7" tag="651"><subfield code="a">Tennessee</subfield><subfield code="z">Giles County.</subfield><subfield code="2">fast</subfield><subfield code="0">(OCoLC)fst01221122</subfield></datafield><datafield ind1=" " ind2="7" tag="651"><subfield code="a">Tennessee</subfield><subfield code="z">Pulaski.</subfield><subfield code="2">fast</subfield><subfield code="0">(OCoLC)fst01224307</subfield></datafield><datafield ind1=" " ind2=" " tag="752"><subfield code="a">United States</subfield><subfield code="b">Tennessee</subfield><subfield code="c">Giles</subfield><subfield code="d">Pulaski.</subfield></datafield></record>